<record><leader>00000cas a22000007a 4500</leader><controlfield tag="001">14472947</controlfield><controlfield tag="008">861022d19061923txudn ne      0    0eng d</controlfield><datafield ind1=" " ind2=" " tag="010"><subfield code="a">sn 86089704 </subfield></datafield><datafield ind1=" " ind2=" " tag="040"><subfield code="a">PPM</subfield><subfield code="b">eng</subfield><subfield code="c">PPM</subfield><subfield code="d">OCLCQ</subfield></datafield><datafield ind1=" " ind2=" " tag="042"><subfield code="a">msc</subfield></datafield><datafield ind1="0" ind2="4" tag="245"><subfield code="a">The daily courier-gazette.</subfield></datafield><datafield ind1=" " ind2=" " tag="260"><subfield code="a">McKinney, Tex. :</subfield><subfield code="b">Tom W. Perkins and Walter B. Wilson</subfield></datafield><datafield ind1=" " ind2=" " tag="300"><subfield code="a">v. :</subfield><subfield code="b">ill. ;</subfield><subfield code="c">56 cm.</subfield></datafield><datafield ind1=" " ind2=" " tag="310"><subfield code="a">Daily (except Sun.)</subfield></datafield><datafield ind1="1" ind2=" " tag="362"><subfield code="a">Began in 1906; ceased in 1923.</subfield></datafield><datafield ind1=" " ind2=" " tag="500"><subfield code="a">Continues numbering of Daily courier (McKinney, Tex.).</subfield></datafield><datafield ind1=" " ind2=" " tag="588"><subfield code="a">Description based on: Vol. 21, Thanksgiving Edition (Nov. 29, 1917).</subfield></datafield><datafield ind1=" " ind2=" " tag="752"><subfield code="a">United States</subfield><subfield code="b">Texas</subfield><subfield code="c">Collin</subfield><subfield code="d">McKinney.</subfield></datafield><datafield ind1="0" ind2=" " tag="775"><subfield code="t">Weekly Democrat-gazette</subfield><subfield code="w">(DLC)sn 86089755</subfield></datafield><datafield ind1="0" ind2="4" tag="780"><subfield code="t">McKinney daily courier</subfield><subfield code="w">(DLC)sn 88083274</subfield></datafield><datafield ind1="0" ind2="4" tag="780"><subfield code="t">Daily gazette (McKinney, Tex. : 1899)</subfield><subfield code="w">(DLC)sn 86089703</subfield></datafield><datafield ind1="0" ind2="0" tag="785"><subfield code="t">McKinney daily courier-gazette</subfield><subfield code="w">(DLC)sn 86089705</subfield></datafield></record>